@misc{datareportal2024vietnam,
  author = {DataReportal},
  title = {Digital 2024: Vietnam},
  year = {2024},
  url = {https://datareportal.com/reports/digital-2024-vietnam}
}

@misc{chrome_journeys,
  author    = {Google},
  title     = {Finding answers just got better in Chrome with ``Journeys''},
  year      = {2022},
  url       = {https://blog.google/products/chrome/finding-answers-gets-better-chrome/?utm_source=chatgpt.com},
  note      = {Accessed: 2024-11-30}
}